
@misc{noauthor_development_nodate,
	title = {Development of {The} {Law} of {Periods}},
	url = {http://hyperphysics.phy-astr.gsu.edu/hbase/Mechanics/keplerd.html#c2},
	urldate = {2021-05-06},
	file = {Kepler's Laws:C\:\\Users\\noahc\\Zotero\\storage\\B3S3AT5N\\keplerd.html:text/html},
}

@misc{noauthor_solar_nodate,
	title = {Solar {System} {Scope} - {Online} {Model} of {Solar} {System} and {Night} {Sky}},
	url = {https://www.solarsystemscope.com/},
	urldate = {2021-05-06},
	file = {Solar System Scope - Online Model of Solar System and Night Sky:C\:\\Users\\noahc\\Zotero\\storage\\AK8I5PQ8\\www.solarsystemscope.com.html:text/html},
}

@misc{noauthor_keplers_nodate,
	title = {Kepler's {Laws}},
	url = {http://hyperphysics.phy-astr.gsu.edu/hbase/kepler.html},
	urldate = {2021-05-06},
	file = {Kepler's Laws:C\:\\Users\\noahc\\Zotero\\storage\\326IMNNA\\kepler.html:text/html},
}

@book{taylor_classical_2005,
	address = {Sausalito, Calif},
	edition = {null edition},
	title = {Classical {Mechanics}},
	isbn = {978-1-891389-22-1},
	abstract = {John Taylor has brought to his new book, Classical Mechanics, all of the clarity and insight that made his introduction to Error Analysis a best-selling text.},
	language = {English},
	publisher = {University Science Books},
	author = {Taylor, John R.},
	month = jan,
	year = {2005},
}
